%% This BibTeX bibliography file was created using BibDesk.
%% http://bibdesk.sourceforge.net/

%% Created for Pierre-Francois Loos at 2017-09-12 14:59:54 +0200 


%% Saved with string encoding Unicode (UTF-8) 



@article{Jacquemin12,
	Author = {Denis Jacquemin and Yan Zhao and Rosendo Valero and Carlo Adamo and Ilaria Ciofini and Donald G. Truhlar},
	Date-Added = {2017-09-12 12:56:27 +0000},
	Date-Modified = {2017-09-12 12:57:20 +0000},
	Journal = {J. Chem. Theory Comput.},
	Pages = {1255-1259},
	Title = {Verdict: Time-Dependent Density Functional Theory ``Not Guilty'' of Large Errors for Cyanines},
	Volume = {8},
	Year = {2012}}

@article{Send11,
	Author = {Robert Send and Omar Valsson and Claudia Filippi},
	Date-Added = {2017-09-12 12:54:07 +0000},
	Date-Modified = {2017-09-12 12:54:46 +0000},
	Journal = {J. Chem. Theory Comput.},
	Pages = {444-455},
	Title = {Electronic Excitations of Simple Cyanine Dyes: Reconciling Density Functional and Wave Function Methods},
	Volume = {7},
	Year = {2011}}

@article{Boulanger14,
	Author = {Paul Boulanger and Denis Jacquemin and Ivan Duchemin and Xavier Blase},
	Date-Added = {2017-09-12 12:53:02 +0000},
	Date-Modified = {2017-09-12 12:59:54 +0000},
	Journal = {J. Chem. Theory Comput.},
	Pages = {1212-1218},
	Title = {Fast and Accurate Electronic Excitations in Cyanines with the Many- Body Betheâˆ’Salpeter Approach},
	Volume = {10},
	Year = {2014}}
